<record><leader>00000cas a22000007a 4500</leader><controlfield tag="001">16220773</controlfield><controlfield tag="008">870717d19071915iauwr ne      0    0eng d</controlfield><datafield ind1=" " ind2=" " tag="010"><subfield code="a">sn 87057301 </subfield></datafield><datafield ind1=" " ind2=" " tag="040"><subfield code="a">INP</subfield><subfield code="b">eng</subfield><subfield code="c">INP</subfield><subfield code="d">OCLCQ</subfield></datafield><datafield ind1=" " ind2=" " tag="042"><subfield code="a">msc</subfield></datafield><datafield ind1="0" ind2="4" tag="245"><subfield code="a">The George news.</subfield></datafield><datafield ind1=" " ind2=" " tag="260"><subfield code="a">George, Iowa :</subfield><subfield code="b">G.W. De Wald</subfield></datafield><datafield ind1=" " ind2=" " tag="300"><subfield code="a">v.</subfield></datafield><datafield ind1=" " ind2=" " tag="310"><subfield code="a">Weekly</subfield></datafield><datafield ind1="1" ind2=" " tag="362"><subfield code="a">Issued 1907-July? 1915.</subfield></datafield><datafield ind1=" " ind2=" " tag="500"><subfield code="a">Publisher varies.</subfield></datafield><datafield ind1=" " ind2=" " tag="588"><subfield code="a">Description based on: Vol. 3, no. 49 (Jan. 13, 1910).</subfield></datafield><datafield ind1=" " ind2=" " tag="752"><subfield code="a">United States</subfield><subfield code="b">Iowa</subfield><subfield code="c">Lyon</subfield><subfield code="d">George.</subfield></datafield><datafield ind1="0" ind2="0" tag="785"><subfield code="t">Lyon County news (George, Iowa)</subfield><subfield code="w">(DLC)sn 87057302</subfield></datafield></record>